@article{example,
  author  = {Author, A. and Author, B.},
  title   = {Example Paper Title},
  journal = {Journal Name},
  year    = {2023},
  volume  = {1},
  number  = {1},
  pages   = {1--10}
}
